 @book{bressan_2000, place={Oxford}, title={Hyperbolic systems of conservation laws: The one-dimensional cauchy problem}, publisher={Oxford University Press}, author={Bressan, Alberto}, year={2000}} 